<?xml version="1.0" encoding="UTF-8"?><collection xmlns="http://www.loc.gov/MARC21/slim"><record><leader>00483nam--2200181-i-4500</leader><controlfield tag="001">000031613</controlfield><controlfield tag="002">20161230</controlfield><controlfield tag="005">20161230201038</controlfield><controlfield tag="008">060222s1000------------r-----000-0-fre-d</controlfield><datafield ind1=" " ind2=" " tag="040"><subfield code="a">IFIN-HH</subfield></datafield><datafield ind1=" " ind2=" " tag="041"><subfield code="a">fre</subfield></datafield><datafield ind1=" " ind2=" " tag="080"><subfield code="a">537.2</subfield></datafield><datafield ind1="1" ind2=" " tag="100"><subfield code="a">Poliakov, G.F</subfield></datafield><datafield ind1="1" ind2="0" tag="245"><subfield code="a">Analiz i rascet elektrostaticeskih sistem</subfield><subfield code="b">(metod funktionalnih parametrov)</subfield><subfield code="c">G.f. poliakov</subfield></datafield><datafield ind1=" " ind2=" " tag="260"><subfield code="a">Novosibirsk</subfield><subfield code="b">Nauka</subfield><subfield code="c">1976</subfield></datafield><datafield ind1=" " ind2=" " tag="300"><subfield code="a">254P</subfield></datafield><datafield ind1=" " ind2=" " tag="852"><subfield code="a">43810</subfield><subfield code="c">537:538</subfield></datafield><datafield ind1=" " ind2=" " tag="CAT"><subfield code="a">Sys</subfield><subfield code="c">20110621</subfield><subfield code="h">133552</subfield></datafield></record></collection>